

















@inbook{doi:10.1002/9780470721896.ch14,

publisher = {John Wiley & Sons, Ltd},
isbn = {9780470721896},
title = {Simple Linear Regression},
booktitle = {Statistics and Data with R},
chapter = {14},
pages = {417-461},
doi = {10.1002/9780470721896.ch14},
url = {https://onlinelibrary.wiley.com/doi/abs/10.1002/9780470721896.ch14},
eprint = {https://onlinelibrary.wiley.com/doi/pdf/10.1002/9780470721896.ch14},
year = {2008},
keywords = {simple linear regression, regression line and error term, simple linear models, regression line and coefficient estimate, model goodness of fit, model coefficients and confidence intervals, hypothesis testing and confidence intervals, diagnostics and hat matrix},
abstract = {Summary This chapter contains sections titled: Simple linear models Estimating regression coefficients The model goodness of fit Hypothesis testing and confidence intervals Model assumptions Model diagnostics Power and sample size for the correlation coefficient Assignments}
}
